<?xml version="1.0" encoding="UTF-8"?><collection xmlns="http://www.loc.gov/MARC21/slim"><record><leader>00388nam--2200157-i-4500</leader><controlfield tag="001">000034962</controlfield><controlfield tag="002">20161230</controlfield><controlfield tag="005">20170107012948</controlfield><controlfield tag="008">060222s1000------------r-----000-0-eng-d</controlfield><datafield ind1=" " ind2=" " tag="080"><subfield code="a">546:548</subfield></datafield><datafield ind1=" " ind2=" " tag="100"><subfield code="a">N©Łray-Szab©đ, Istv©Łn</subfield></datafield><datafield ind1=" " ind2=" " tag="245"><subfield code="a">Inorganic crystal chemistry</subfield></datafield><datafield ind1=" " ind2=" " tag="260"><subfield code="a">Budapest</subfield><subfield code="b">Akad©♭miai Kiad©đ</subfield><subfield code="c">1969</subfield></datafield><datafield ind1=" " ind2=" " tag="300"><subfield code="a">479 p</subfield></datafield><datafield ind1=" " ind2=" " tag="852"><subfield code="a">31852</subfield></datafield><datafield ind1=" " ind2=" " tag="CAT"><subfield code="a">SYS</subfield><subfield code="c">20170107</subfield><subfield code="h">012948</subfield></datafield></record></collection>